%YAML 1.1
%TAG !u! tag:unity3d.com,2011:
--- !u!1 &4560483985199639384
GameObject:
  m_ObjectHideFlags: 0
  m_CorrespondingSourceObject: {fileID: 0}
  m_PrefabInstance: {fileID: 0}
  m_PrefabAsset: {fileID: 0}
  serializedVersion: 6
  m_Component:
  - component: {fileID: 4560483985199639367}
  - component: {fileID: 4560483985199639364}
  - component: {fileID: 4560483985199639365}
  - component: {fileID: 4560483985199639366}
  m_Layer: 0
  m_Name: roof (1)
  m_TagString: Untagged
  m_Icon: {fileID: 0}
  m_NavMeshLayer: 0
  m_StaticEditorFlags: 0
  m_IsActive: 1
--- !u!4 &4560483985199639367
Transform:
  m_ObjectHideFlags: 0
  m_CorrespondingSourceObject: {fileID: 0}
  m_PrefabInstance: {fileID: 0}
  m_PrefabAsset: {fileID: 0}
  m_GameObject: {fileID: 4560483985199639384}
  m_LocalRotation: {x: -0, y: -0, z: 0.38268343, w: 0.92387956}
  m_LocalPosition: {x: 2.2122898, y: 26.7, z: -1.415945}
  m_LocalScale: {x: 11, y: 11, z: 14.95}
  m_Children: []
  m_Father: {fileID: 4560483986084600022}
  m_RootOrder: 10
  m_LocalEulerAnglesHint: {x: 0, y: 0, z: 45}
--- !u!33 &4560483985199639364
MeshFilter:
  m_ObjectHideFlags: 0
  m_CorrespondingSourceObject: {fileID: 0}
  m_PrefabInstance: {fileID: 0}
  m_PrefabAsset: {fileID: 0}
  m_GameObject: {fileID: 4560483985199639384}
  m_Mesh: {fileID: 10202, guid: 0000000000000000e000000000000000, type: 0}
--- !u!23 &4560483985199639365
MeshRenderer:
  m_ObjectHideFlags: 0
  m_CorrespondingSourceObject: {fileID: 0}
  m_PrefabInstance: {fileID: 0}
  m_PrefabAsset: {fileID: 0}
  m_GameObject: {fileID: 4560483985199639384}
  m_Enabled: 1
  m_CastShadows: 1
  m_ReceiveShadows: 1
  m_DynamicOccludee: 1
  m_MotionVectors: 1
  m_LightProbeUsage: 1
  m_ReflectionProbeUsage: 1
  m_RayTracingMode: 2
  m_RenderingLayerMask: 1
  m_RendererPriority: 0
  m_Materials:
  - {fileID: 2100000, guid: d0b653e6dbfd2e1458a328903d944e9f, type: 2}
  m_StaticBatchInfo:
    firstSubMesh: 0
    subMeshCount: 0
  m_StaticBatchRoot: {fileID: 0}
  m_ProbeAnchor: {fileID: 0}
  m_LightProbeVolumeOverride: {fileID: 0}
  m_ScaleInLightmap: 1
  m_ReceiveGI: 1
  m_PreserveUVs: 0
  m_IgnoreNormalsForChartDetection: 0
  m_ImportantGI: 0
  m_StitchLightmapSeams: 1
  m_SelectedEditorRenderState: 3
  m_MinimumChartSize: 4
  m_AutoUVMaxDistance: 0.5
  m_AutoUVMaxAngle: 89
  m_LightmapParameters: {fileID: 0}
  m_SortingLayerID: 0
  m_SortingLayer: 0
  m_SortingOrder: 0
--- !u!65 &4560483985199639366
BoxCollider:
  m_ObjectHideFlags: 0
  m_CorrespondingSourceObject: {fileID: 0}
  m_PrefabInstance: {fileID: 0}
  m_PrefabAsset: {fileID: 0}
  m_GameObject: {fileID: 4560483985199639384}
  m_Material: {fileID: 0}
  m_IsTrigger: 0
  m_Enabled: 1
  serializedVersion: 2
  m_Size: {x: 1, y: 1, z: 1}
  m_Center: {x: 0, y: 0, z: 0}
--- !u!1 &4560483985686868253
GameObject:
  m_ObjectHideFlags: 0
  m_CorrespondingSourceObject: {fileID: 0}
  m_PrefabInstance: {fileID: 0}
  m_PrefabAsset: {fileID: 0}
  serializedVersion: 6
  m_Component:
  - component: {fileID: 4560483985686868252}
  - component: {fileID: 4560483985686868249}
  - component: {fileID: 4560483985686868250}
  - component: {fileID: 4560483985686868251}
  m_Layer: 0
  m_Name: Cube
  m_TagString: Untagged
  m_Icon: {fileID: 0}
  m_NavMeshLayer: 0
  m_StaticEditorFlags: 0
  m_IsActive: 1
--- !u!4 &4560483985686868252
Transform:
  m_ObjectHideFlags: 0
  m_CorrespondingSourceObject: {fileID: 0}
  m_PrefabInstance: {fileID: 0}
  m_PrefabAsset: {fileID: 0}
  m_GameObject: {fileID: 4560483985686868253}
  m_LocalRotation: {x: -0, y: -0, z: -0, w: 1}
  m_LocalPosition: {x: 2.2322898, y: 14.1, z: -1.3999996}
  m_LocalScale: {x: 15, y: 25, z: 15}
  m_Children: []
  m_Father: {fileID: 4560483986084600022}
  m_RootOrder: 1
  m_LocalEulerAnglesHint: {x: 0, y: 0, z: 0}
--- !u!33 &4560483985686868249
MeshFilter:
  m_ObjectHideFlags: 0
  m_CorrespondingSourceObject: {fileID: 0}
  m_PrefabInstance: {fileID: 0}
  m_PrefabAsset: {fileID: 0}
  m_GameObject: {fileID: 4560483985686868253}
  m_Mesh: {fileID: 10202, guid: 0000000000000000e000000000000000, type: 0}
--- !u!23 &4560483985686868250
MeshRenderer:
  m_ObjectHideFlags: 0
  m_CorrespondingSourceObject: {fileID: 0}
  m_PrefabInstance: {fileID: 0}
  m_PrefabAsset: {fileID: 0}
  m_GameObject: {fileID: 4560483985686868253}
  m_Enabled: 1
  m_CastShadows: 1
  m_ReceiveShadows: 1
  m_DynamicOccludee: 1
  m_MotionVectors: 1
  m_LightProbeUsage: 1
  m_ReflectionProbeUsage: 1
  m_RayTracingMode: 2
  m_RenderingLayerMask: 1
  m_RendererPriority: 0
  m_Materials:
  - {fileID: 2100000, guid: fa9ebc85e6c4c2b4f874de9b4cb60bb2, type: 2}
  m_StaticBatchInfo:
    firstSubMesh: 0
    subMeshCount: 0
  m_StaticBatchRoot: {fileID: 0}
  m_ProbeAnchor: {fileID: 0}
  m_LightProbeVolumeOverride: {fileID: 0}
  m_ScaleInLightmap: 1
  m_ReceiveGI: 1
  m_PreserveUVs: 0
  m_IgnoreNormalsForChartDetection: 0
  m_ImportantGI: 0
  m_StitchLightmapSeams: 1
  m_SelectedEditorRenderState: 3
  m_MinimumChartSize: 4
  m_AutoUVMaxDistance: 0.5
  m_AutoUVMaxAngle: 89
  m_LightmapParameters: {fileID: 0}
  m_SortingLayerID: 0
  m_SortingLayer: 0
  m_SortingOrder: 0
--- !u!65 &4560483985686868251
BoxCollider:
  m_ObjectHideFlags: 0
  m_CorrespondingSourceObject: {fileID: 0}
  m_PrefabInstance: {fileID: 0}
  m_PrefabAsset: {fileID: 0}
  m_GameObject: {fileID: 4560483985686868253}
  m_Material: {fileID: 0}
  m_IsTrigger: 0
  m_Enabled: 1
  serializedVersion: 2
  m_Size: {x: 1, y: 1, z: 1}
  m_Center: {x: 0, y: 0, z: 0}
--- !u!1 &4560483985744976512
GameObject:
  m_ObjectHideFlags: 0
  m_CorrespondingSourceObject: {fileID: 0}
  m_PrefabInstance: {fileID: 0}
  m_PrefabAsset: {fileID: 0}
  serializedVersion: 6
  m_Component:
  - component: {fileID: 4560483985744976527}
  - component: {fileID: 4560483985744976524}
  - component: {fileID: 4560483985744976525}
  - component: {fileID: 4560483985744976526}
  m_Layer: 0
  m_Name: Base
  m_TagString: Untagged
  m_Icon: {fileID: 0}
  m_NavMeshLayer: 0
  m_StaticEditorFlags: 0
  m_IsActive: 1
--- !u!4 &4560483985744976527
Transform:
  m_ObjectHideFlags: 0
  m_CorrespondingSourceObject: {fileID: 0}
  m_PrefabInstance: {fileID: 0}
  m_PrefabAsset: {fileID: 0}
  m_GameObject: {fileID: 4560483985744976512}
  m_LocalRotation: {x: -0, y: -0, z: -0, w: 1}
  m_LocalPosition: {x: 2.2322898, y: 0.7, z: -1.5}
  m_LocalScale: {x: 19, y: 2, z: 19}
  m_Children: []
  m_Father: {fileID: 4560483986084600022}
  m_RootOrder: 2
  m_LocalEulerAnglesHint: {x: 0, y: 0, z: 0}
--- !u!33 &4560483985744976524
MeshFilter:
  m_ObjectHideFlags: 0
  m_CorrespondingSourceObject: {fileID: 0}
  m_PrefabInstance: {fileID: 0}
  m_PrefabAsset: {fileID: 0}
  m_GameObject: {fileID: 4560483985744976512}
  m_Mesh: {fileID: 10202, guid: 0000000000000000e000000000000000, type: 0}
--- !u!23 &4560483985744976525
MeshRenderer:
  m_ObjectHideFlags: 0
  m_CorrespondingSourceObject: {fileID: 0}
  m_PrefabInstance: {fileID: 0}
  m_PrefabAsset: {fileID: 0}
  m_GameObject: {fileID: 4560483985744976512}
  m_Enabled: 1
  m_CastShadows: 1
  m_ReceiveShadows: 1
  m_DynamicOccludee: 1
  m_MotionVectors: 1
  m_LightProbeUsage: 1
  m_ReflectionProbeUsage: 1
  m_RayTracingMode: 2
  m_RenderingLayerMask: 1
  m_RendererPriority: 0
  m_Materials:
  - {fileID: 2100000, guid: fa9ebc85e6c4c2b4f874de9b4cb60bb2, type: 2}
  m_StaticBatchInfo:
    firstSubMesh: 0
    subMeshCount: 0
  m_StaticBatchRoot: {fileID: 0}
  m_ProbeAnchor: {fileID: 0}
  m_LightProbeVolumeOverride: {fileID: 0}
  m_ScaleInLightmap: 1
  m_ReceiveGI: 1
  m_PreserveUVs: 0
  m_IgnoreNormalsForChartDetection: 0
  m_ImportantGI: 0
  m_StitchLightmapSeams: 1
  m_SelectedEditorRenderState: 3
  m_MinimumChartSize: 4
  m_AutoUVMaxDistance: 0.5
  m_AutoUVMaxAngle: 89
  m_LightmapParameters: {fileID: 0}
  m_SortingLayerID: 0
  m_SortingLayer: 0
  m_SortingOrder: 0
--- !u!65 &4560483985744976526
BoxCollider:
  m_ObjectHideFlags: 0
  m_CorrespondingSourceObject: {fileID: 0}
  m_PrefabInstance: {fileID: 0}
  m_PrefabAsset: {fileID: 0}
  m_GameObject: {fileID: 4560483985744976512}
  m_Material: {fileID: 0}
  m_IsTrigger: 0
  m_Enabled: 1
  serializedVersion: 2
  m_Size: {x: 1, y: 1, z: 1}
  m_Center: {x: 0, y: 0, z: 0}
--- !u!1 &4560483986084600023
GameObject:
  m_ObjectHideFlags: 0
  m_CorrespondingSourceObject: {fileID: 0}
  m_PrefabInstance: {fileID: 0}
  m_PrefabAsset: {fileID: 0}
  serializedVersion: 6
  m_Component:
  - component: {fileID: 4560483986084600022}
  m_Layer: 0
  m_Name: House2
  m_TagString: Untagged
  m_Icon: {fileID: 0}
  m_NavMeshLayer: 0
  m_StaticEditorFlags: 0
  m_IsActive: 1
--- !u!4 &4560483986084600022
Transform:
  m_ObjectHideFlags: 0
  m_CorrespondingSourceObject: {fileID: 0}
  m_PrefabInstance: {fileID: 0}
  m_PrefabAsset: {fileID: 0}
  m_GameObject: {fileID: 4560483986084600023}
  m_LocalRotation: {x: 0, y: 0, z: 0, w: 1}
  m_LocalPosition: {x: 0, y: 0, z: 27.5}
  m_LocalScale: {x: 1, y: 1, z: 1}
  m_Children:
  - {fileID: 5152605403434647125}
  - {fileID: 4560483985686868252}
  - {fileID: 4560483985744976527}
  - {fileID: 3977906418028156894}
  - {fileID: 3977906417570466629}
  - {fileID: 3977906418740405465}
  - {fileID: 3977906418214000704}
  - {fileID: 3977906419021260198}
  - {fileID: 3977906418474231235}
  - {fileID: 3977906418772121807}
  - {fileID: 4560483985199639367}
  - {fileID: 5180203034885808270}
  - {fileID: 3977906418955364250}
  - {fileID: 2483254893248494183}
  m_Father: {fileID: 0}
  m_RootOrder: 0
  m_LocalEulerAnglesHint: {x: 0, y: 0, z: 0}
--- !u!1001 &4560483984653060347
PrefabInstance:
  m_ObjectHideFlags: 0
  serializedVersion: 2
  m_Modification:
    m_TransformParent: {fileID: 4560483986084600022}
    m_Modifications:
    - target: {fileID: 612002235284335650, guid: 64bde1538d5c6c849a058199869fde83,
        type: 3}
      propertyPath: m_RootOrder
      value: 5
      objectReference: {fileID: 0}
    - target: {fileID: 612002235284335650, guid: 64bde1538d5c6c849a058199869fde83,
        type: 3}
      propertyPath: m_LocalPosition.x
      value: 9.93229
      objectReference: {fileID: 0}
    - target: {fileID: 612002235284335650, guid: 64bde1538d5c6c849a058199869fde83,
        type: 3}
      propertyPath: m_LocalPosition.y
      value: 11
      objectReference: {fileID: 0}
    - target: {fileID: 612002235284335650, guid: 64bde1538d5c6c849a058199869fde83,
        type: 3}
      propertyPath: m_LocalPosition.z
      value: 2.3999996
      objectReference: {fileID: 0}
    - target: {fileID: 612002235284335650, guid: 64bde1538d5c6c849a058199869fde83,
        type: 3}
      propertyPath: m_LocalRotation.w
      value: 1
      objectReference: {fileID: 0}
    - target: {fileID: 612002235284335650, guid: 64bde1538d5c6c849a058199869fde83,
        type: 3}
      propertyPath: m_LocalRotation.x
      value: -0
      objectReference: {fileID: 0}
    - target: {fileID: 612002235284335650, guid: 64bde1538d5c6c849a058199869fde83,
        type: 3}
      propertyPath: m_LocalRotation.y
      value: -0
      objectReference: {fileID: 0}
    - target: {fileID: 612002235284335650, guid: 64bde1538d5c6c849a058199869fde83,
        type: 3}
      propertyPath: m_LocalRotation.z
      value: -0
      objectReference: {fileID: 0}
    - target: {fileID: 612002235284335650, guid: 64bde1538d5c6c849a058199869fde83,
        type: 3}
      propertyPath: m_LocalEulerAnglesHint.x
      value: 0
      objectReference: {fileID: 0}
    - target: {fileID: 612002235284335650, guid: 64bde1538d5c6c849a058199869fde83,
        type: 3}
      propertyPath: m_LocalEulerAnglesHint.y
      value: 0
      objectReference: {fileID: 0}
    - target: {fileID: 612002235284335650, guid: 64bde1538d5c6c849a058199869fde83,
        type: 3}
      propertyPath: m_LocalEulerAnglesHint.z
      value: 0
      objectReference: {fileID: 0}
    - target: {fileID: 4415981527336130233, guid: 64bde1538d5c6c849a058199869fde83,
        type: 3}
      propertyPath: m_Name
      value: Window (2)
      objectReference: {fileID: 0}
    m_RemovedComponents: []
  m_SourcePrefab: {fileID: 100100000, guid: 64bde1538d5c6c849a058199869fde83, type: 3}
--- !u!4 &3977906418740405465 stripped
Transform:
  m_CorrespondingSourceObject: {fileID: 612002235284335650, guid: 64bde1538d5c6c849a058199869fde83,
    type: 3}
  m_PrefabInstance: {fileID: 4560483984653060347}
  m_PrefabAsset: {fileID: 0}
--- !u!1001 &4560483984918390100
PrefabInstance:
  m_ObjectHideFlags: 0
  serializedVersion: 2
  m_Modification:
    m_TransformParent: {fileID: 4560483986084600022}
    m_Modifications:
    - target: {fileID: 2106650185726205747, guid: 90e74e7618854d2448cd032e07bf79cb,
        type: 3}
      propertyPath: m_RootOrder
      value: 13
      objectReference: {fileID: 0}
    - target: {fileID: 2106650185726205747, guid: 90e74e7618854d2448cd032e07bf79cb,
        type: 3}
      propertyPath: m_LocalPosition.x
      value: -11.82
      objectReference: {fileID: 0}
    - target: {fileID: 2106650185726205747, guid: 90e74e7618854d2448cd032e07bf79cb,
        type: 3}
      propertyPath: m_LocalPosition.y
      value: 3.76
      objectReference: {fileID: 0}
    - target: {fileID: 2106650185726205747, guid: 90e74e7618854d2448cd032e07bf79cb,
        type: 3}
      propertyPath: m_LocalPosition.z
      value: -4.14
      objectReference: {fileID: 0}
    - target: {fileID: 2106650185726205747, guid: 90e74e7618854d2448cd032e07bf79cb,
        type: 3}
      propertyPath: m_LocalRotation.w
      value: 1
      objectReference: {fileID: 0}
    - target: {fileID: 2106650185726205747, guid: 90e74e7618854d2448cd032e07bf79cb,
        type: 3}
      propertyPath: m_LocalRotation.x
      value: -0
      objectReference: {fileID: 0}
    - target: {fileID: 2106650185726205747, guid: 90e74e7618854d2448cd032e07bf79cb,
        type: 3}
      propertyPath: m_LocalRotation.y
      value: -0
      objectReference: {fileID: 0}
    - target: {fileID: 2106650185726205747, guid: 90e74e7618854d2448cd032e07bf79cb,
        type: 3}
      propertyPath: m_LocalRotation.z
      value: -0
      objectReference: {fileID: 0}
    - target: {fileID: 2106650185726205747, guid: 90e74e7618854d2448cd032e07bf79cb,
        type: 3}
      propertyPath: m_LocalEulerAnglesHint.x
      value: 0
      objectReference: {fileID: 0}
    - target: {fileID: 2106650185726205747, guid: 90e74e7618854d2448cd032e07bf79cb,
        type: 3}
      propertyPath: m_LocalEulerAnglesHint.y
      value: 0
      objectReference: {fileID: 0}
    - target: {fileID: 2106650185726205747, guid: 90e74e7618854d2448cd032e07bf79cb,
        type: 3}
      propertyPath: m_LocalEulerAnglesHint.z
      value: 0
      objectReference: {fileID: 0}
    - target: {fileID: 5418274240332961796, guid: 90e74e7618854d2448cd032e07bf79cb,
        type: 3}
      propertyPath: m_Name
      value: Stairs
      objectReference: {fileID: 0}
    m_RemovedComponents: []
  m_SourcePrefab: {fileID: 100100000, guid: 90e74e7618854d2448cd032e07bf79cb, type: 3}
--- !u!4 &2483254893248494183 stripped
Transform:
  m_CorrespondingSourceObject: {fileID: 2106650185726205747, guid: 90e74e7618854d2448cd032e07bf79cb,
    type: 3}
  m_PrefabInstance: {fileID: 4560483984918390100}
  m_PrefabAsset: {fileID: 0}
--- !u!1001 &4560483984923494881
PrefabInstance:
  m_ObjectHideFlags: 0
  serializedVersion: 2
  m_Modification:
    m_TransformParent: {fileID: 4560483986084600022}
    m_Modifications:
    - target: {fileID: 612002235284335650, guid: 64bde1538d5c6c849a058199869fde83,
        type: 3}
      propertyPath: m_RootOrder
      value: 8
      objectReference: {fileID: 0}
    - target: {fileID: 612002235284335650, guid: 64bde1538d5c6c849a058199869fde83,
        type: 3}
      propertyPath: m_LocalPosition.x
      value: -5.6
      objectReference: {fileID: 0}
    - target: {fileID: 612002235284335650, guid: 64bde1538d5c6c849a058199869fde83,
        type: 3}
      propertyPath: m_LocalPosition.y
      value: 11
      objectReference: {fileID: 0}
    - target: {fileID: 612002235284335650, guid: 64bde1538d5c6c849a058199869fde83,
        type: 3}
      propertyPath: m_LocalPosition.z
      value: 2.3999996
      objectReference: {fileID: 0}
    - target: {fileID: 612002235284335650, guid: 64bde1538d5c6c849a058199869fde83,
        type: 3}
      propertyPath: m_LocalRotation.w
      value: 1
      objectReference: {fileID: 0}
    - target: {fileID: 612002235284335650, guid: 64bde1538d5c6c849a058199869fde83,
        type: 3}
      propertyPath: m_LocalRotation.x
      value: -0
      objectReference: {fileID: 0}
    - target: {fileID: 612002235284335650, guid: 64bde1538d5c6c849a058199869fde83,
        type: 3}
      propertyPath: m_LocalRotation.y
      value: -0
      objectReference: {fileID: 0}
    - target: {fileID: 612002235284335650, guid: 64bde1538d5c6c849a058199869fde83,
        type: 3}
      propertyPath: m_LocalRotation.z
      value: -0
      objectReference: {fileID: 0}
    - target: {fileID: 612002235284335650, guid: 64bde1538d5c6c849a058199869fde83,
        type: 3}
      propertyPath: m_LocalEulerAnglesHint.x
      value: 0
      objectReference: {fileID: 0}
    - target: {fileID: 612002235284335650, guid: 64bde1538d5c6c849a058199869fde83,
        type: 3}
      propertyPath: m_LocalEulerAnglesHint.y
      value: 0
      objectReference: {fileID: 0}
    - target: {fileID: 612002235284335650, guid: 64bde1538d5c6c849a058199869fde83,
        type: 3}
      propertyPath: m_LocalEulerAnglesHint.z
      value: 0
      objectReference: {fileID: 0}
    - target: {fileID: 4415981527336130233, guid: 64bde1538d5c6c849a058199869fde83,
        type: 3}
      propertyPath: m_Name
      value: Window (7)
      objectReference: {fileID: 0}
    m_RemovedComponents: []
  m_SourcePrefab: {fileID: 100100000, guid: 64bde1538d5c6c849a058199869fde83, type: 3}
--- !u!4 &3977906418474231235 stripped
Transform:
  m_CorrespondingSourceObject: {fileID: 612002235284335650, guid: 64bde1538d5c6c849a058199869fde83,
    type: 3}
  m_PrefabInstance: {fileID: 4560483984923494881}
  m_PrefabAsset: {fileID: 0}
--- !u!1001 &4560483985377627064
PrefabInstance:
  m_ObjectHideFlags: 0
  serializedVersion: 2
  m_Modification:
    m_TransformParent: {fileID: 4560483986084600022}
    m_Modifications:
    - target: {fileID: 612002235284335650, guid: 64bde1538d5c6c849a058199869fde83,
        type: 3}
      propertyPath: m_RootOrder
      value: 12
      objectReference: {fileID: 0}
    - target: {fileID: 612002235284335650, guid: 64bde1538d5c6c849a058199869fde83,
        type: 3}
      propertyPath: m_LocalPosition.x
      value: 9.93229
      objectReference: {fileID: 0}
    - target: {fileID: 612002235284335650, guid: 64bde1538d5c6c849a058199869fde83,
        type: 3}
      propertyPath: m_LocalPosition.y
      value: 19.8
      objectReference: {fileID: 0}
    - target: {fileID: 612002235284335650, guid: 64bde1538d5c6c849a058199869fde83,
        type: 3}
      propertyPath: m_LocalPosition.z
      value: -4.9779205
      objectReference: {fileID: 0}
    - target: {fileID: 612002235284335650, guid: 64bde1538d5c6c849a058199869fde83,
        type: 3}
      propertyPath: m_LocalRotation.w
      value: 1
      objectReference: {fileID: 0}
    - target: {fileID: 612002235284335650, guid: 64bde1538d5c6c849a058199869fde83,
        type: 3}
      propertyPath: m_LocalRotation.x
      value: -0
      objectReference: {fileID: 0}
    - target: {fileID: 612002235284335650, guid: 64bde1538d5c6c849a058199869fde83,
        type: 3}
      propertyPath: m_LocalRotation.y
      value: -0
      objectReference: {fileID: 0}
    - target: {fileID: 612002235284335650, guid: 64bde1538d5c6c849a058199869fde83,
        type: 3}
      propertyPath: m_LocalRotation.z
      value: -0
      objectReference: {fileID: 0}
    - target: {fileID: 612002235284335650, guid: 64bde1538d5c6c849a058199869fde83,
        type: 3}
      propertyPath: m_LocalEulerAnglesHint.x
      value: 0
      objectReference: {fileID: 0}
    - target: {fileID: 612002235284335650, guid: 64bde1538d5c6c849a058199869fde83,
        type: 3}
      propertyPath: m_LocalEulerAnglesHint.y
      value: 0
      objectReference: {fileID: 0}
    - target: {fileID: 612002235284335650, guid: 64bde1538d5c6c849a058199869fde83,
        type: 3}
      propertyPath: m_LocalEulerAnglesHint.z
      value: 0
      objectReference: {fileID: 0}
    - target: {fileID: 4415981527336130233, guid: 64bde1538d5c6c849a058199869fde83,
        type: 3}
      propertyPath: m_Name
      value: Window
      objectReference: {fileID: 0}
    m_RemovedComponents: []
  m_SourcePrefab: {fileID: 100100000, guid: 64bde1538d5c6c849a058199869fde83, type: 3}
--- !u!4 &3977906418955364250 stripped
Transform:
  m_CorrespondingSourceObject: {fileID: 612002235284335650, guid: 64bde1538d5c6c849a058199869fde83,
    type: 3}
  m_PrefabInstance: {fileID: 4560483985377627064}
  m_PrefabAsset: {fileID: 0}
--- !u!1001 &4560483985445882244
PrefabInstance:
  m_ObjectHideFlags: 0
  serializedVersion: 2
  m_Modification:
    m_TransformParent: {fileID: 4560483986084600022}
    m_Modifications:
    - target: {fileID: 612002235284335650, guid: 64bde1538d5c6c849a058199869fde83,
        type: 3}
      propertyPath: m_RootOrder
      value: 7
      objectReference: {fileID: 0}
    - target: {fileID: 612002235284335650, guid: 64bde1538d5c6c849a058199869fde83,
        type: 3}
      propertyPath: m_LocalPosition.x
      value: -5.6
      objectReference: {fileID: 0}
    - target: {fileID: 612002235284335650, guid: 64bde1538d5c6c849a058199869fde83,
        type: 3}
      propertyPath: m_LocalPosition.y
      value: 19.8
      objectReference: {fileID: 0}
    - target: {fileID: 612002235284335650, guid: 64bde1538d5c6c849a058199869fde83,
        type: 3}
      propertyPath: m_LocalPosition.z
      value: 2.3999996
      objectReference: {fileID: 0}
    - target: {fileID: 612002235284335650, guid: 64bde1538d5c6c849a058199869fde83,
        type: 3}
      propertyPath: m_LocalRotation.w
      value: 1
      objectReference: {fileID: 0}
    - target: {fileID: 612002235284335650, guid: 64bde1538d5c6c849a058199869fde83,
        type: 3}
      propertyPath: m_LocalRotation.x
      value: -0
      objectReference: {fileID: 0}
    - target: {fileID: 612002235284335650, guid: 64bde1538d5c6c849a058199869fde83,
        type: 3}
      propertyPath: m_LocalRotation.y
      value: -0
      objectReference: {fileID: 0}
    - target: {fileID: 612002235284335650, guid: 64bde1538d5c6c849a058199869fde83,
        type: 3}
      propertyPath: m_LocalRotation.z
      value: -0
      objectReference: {fileID: 0}
    - target: {fileID: 612002235284335650, guid: 64bde1538d5c6c849a058199869fde83,
        type: 3}
      propertyPath: m_LocalEulerAnglesHint.x
      value: 0
      objectReference: {fileID: 0}
    - target: {fileID: 612002235284335650, guid: 64bde1538d5c6c849a058199869fde83,
        type: 3}
      propertyPath: m_LocalEulerAnglesHint.y
      value: 0
      objectReference: {fileID: 0}
    - target: {fileID: 612002235284335650, guid: 64bde1538d5c6c849a058199869fde83,
        type: 3}
      propertyPath: m_LocalEulerAnglesHint.z
      value: 0
      objectReference: {fileID: 0}
    - target: {fileID: 4415981527336130233, guid: 64bde1538d5c6c849a058199869fde83,
        type: 3}
      propertyPath: m_Name
      value: Window (4)
      objectReference: {fileID: 0}
    m_RemovedComponents: []
  m_SourcePrefab: {fileID: 100100000, guid: 64bde1538d5c6c849a058199869fde83, type: 3}
--- !u!4 &3977906419021260198 stripped
Transform:
  m_CorrespondingSourceObject: {fileID: 612002235284335650, guid: 64bde1538d5c6c849a058199869fde83,
    type: 3}
  m_PrefabInstance: {fileID: 4560483985445882244}
  m_PrefabAsset: {fileID: 0}
--- !u!1001 &4560483985565070573
PrefabInstance:
  m_ObjectHideFlags: 0
  serializedVersion: 2
  m_Modification:
    m_TransformParent: {fileID: 4560483986084600022}
    m_Modifications:
    - target: {fileID: 612002235284335650, guid: 64bde1538d5c6c849a058199869fde83,
        type: 3}
      propertyPath: m_RootOrder
      value: 9
      objectReference: {fileID: 0}
    - target: {fileID: 612002235284335650, guid: 64bde1538d5c6c849a058199869fde83,
        type: 3}
      propertyPath: m_LocalPosition.x
      value: -5.6
      objectReference: {fileID: 0}
    - target: {fileID: 612002235284335650, guid: 64bde1538d5c6c849a058199869fde83,
        type: 3}
      propertyPath: m_LocalPosition.y
      value: 11
      objectReference: {fileID: 0}
    - target: {fileID: 612002235284335650, guid: 64bde1538d5c6c849a058199869fde83,
        type: 3}
      propertyPath: m_LocalPosition.z
      value: -4.9779205
      objectReference: {fileID: 0}
    - target: {fileID: 612002235284335650, guid: 64bde1538d5c6c849a058199869fde83,
        type: 3}
      propertyPath: m_LocalRotation.w
      value: 1
      objectReference: {fileID: 0}
    - target: {fileID: 612002235284335650, guid: 64bde1538d5c6c849a058199869fde83,
        type: 3}
      propertyPath: m_LocalRotation.x
      value: -0
      objectReference: {fileID: 0}
    - target: {fileID: 612002235284335650, guid: 64bde1538d5c6c849a058199869fde83,
        type: 3}
      propertyPath: m_LocalRotation.y
      value: -0
      objectReference: {fileID: 0}
    - target: {fileID: 612002235284335650, guid: 64bde1538d5c6c849a058199869fde83,
        type: 3}
      propertyPath: m_LocalRotation.z
      value: -0
      objectReference: {fileID: 0}
    - target: {fileID: 612002235284335650, guid: 64bde1538d5c6c849a058199869fde83,
        type: 3}
      propertyPath: m_LocalEulerAnglesHint.x
      value: 0
      objectReference: {fileID: 0}
    - target: {fileID: 612002235284335650, guid: 64bde1538d5c6c849a058199869fde83,
        type: 3}
      propertyPath: m_LocalEulerAnglesHint.y
      value: 0
      objectReference: {fileID: 0}
    - target: {fileID: 612002235284335650, guid: 64bde1538d5c6c849a058199869fde83,
        type: 3}
      propertyPath: m_LocalEulerAnglesHint.z
      value: 0
      objectReference: {fileID: 0}
    - target: {fileID: 4415981527336130233, guid: 64bde1538d5c6c849a058199869fde83,
        type: 3}
      propertyPath: m_Name
      value: Window (5)
      objectReference: {fileID: 0}
    m_RemovedComponents: []
  m_SourcePrefab: {fileID: 100100000, guid: 64bde1538d5c6c849a058199869fde83, type: 3}
--- !u!4 &3977906418772121807 stripped
Transform:
  m_CorrespondingSourceObject: {fileID: 612002235284335650, guid: 64bde1538d5c6c849a058199869fde83,
    type: 3}
  m_PrefabInstance: {fileID: 4560483985565070573}
  m_PrefabAsset: {fileID: 0}
--- !u!1001 &4560483985628070861
PrefabInstance:
  m_ObjectHideFlags: 0
  serializedVersion: 2
  m_Modification:
    m_TransformParent: {fileID: 4560483986084600022}
    m_Modifications:
    - target: {fileID: 6910969451868783211, guid: 414911cd864fb024fa1c2cf9258f7c6c,
        type: 3}
      propertyPath: m_Name
      value: Chimney
      objectReference: {fileID: 0}
    - target: {fileID: 8694725967395742531, guid: 414911cd864fb024fa1c2cf9258f7c6c,
        type: 3}
      propertyPath: m_RootOrder
      value: 11
      objectReference: {fileID: 0}
    - target: {fileID: 8694725967395742531, guid: 414911cd864fb024fa1c2cf9258f7c6c,
        type: 3}
      propertyPath: m_LocalPosition.x
      value: 5.63
      objectReference: {fileID: 0}
    - target: {fileID: 8694725967395742531, guid: 414911cd864fb024fa1c2cf9258f7c6c,
        type: 3}
      propertyPath: m_LocalPosition.y
      value: 30.93
      objectReference: {fileID: 0}
    - target: {fileID: 8694725967395742531, guid: 414911cd864fb024fa1c2cf9258f7c6c,
        type: 3}
      propertyPath: m_LocalPosition.z
      value: -5.2154884
      objectReference: {fileID: 0}
    - target: {fileID: 8694725967395742531, guid: 414911cd864fb024fa1c2cf9258f7c6c,
        type: 3}
      propertyPath: m_LocalRotation.w
      value: 1
      objectReference: {fileID: 0}
    - target: {fileID: 8694725967395742531, guid: 414911cd864fb024fa1c2cf9258f7c6c,
        type: 3}
      propertyPath: m_LocalRotation.x
      value: -0
      objectReference: {fileID: 0}
    - target: {fileID: 8694725967395742531, guid: 414911cd864fb024fa1c2cf9258f7c6c,
        type: 3}
      propertyPath: m_LocalRotation.y
      value: -0
      objectReference: {fileID: 0}
    - target: {fileID: 8694725967395742531, guid: 414911cd864fb024fa1c2cf9258f7c6c,
        type: 3}
      propertyPath: m_LocalRotation.z
      value: -0
      objectReference: {fileID: 0}
    - target: {fileID: 8694725967395742531, guid: 414911cd864fb024fa1c2cf9258f7c6c,
        type: 3}
      propertyPath: m_LocalEulerAnglesHint.x
      value: 0
      objectReference: {fileID: 0}
    - target: {fileID: 8694725967395742531, guid: 414911cd864fb024fa1c2cf9258f7c6c,
        type: 3}
      propertyPath: m_LocalEulerAnglesHint.y
      value: 0
      objectReference: {fileID: 0}
    - target: {fileID: 8694725967395742531, guid: 414911cd864fb024fa1c2cf9258f7c6c,
        type: 3}
      propertyPath: m_LocalEulerAnglesHint.z
      value: 0
      objectReference: {fileID: 0}
    m_RemovedComponents: []
  m_SourcePrefab: {fileID: 100100000, guid: 414911cd864fb024fa1c2cf9258f7c6c, type: 3}
--- !u!4 &5180203034885808270 stripped
Transform:
  m_CorrespondingSourceObject: {fileID: 8694725967395742531, guid: 414911cd864fb024fa1c2cf9258f7c6c,
    type: 3}
  m_PrefabInstance: {fileID: 4560483985628070861}
  m_PrefabAsset: {fileID: 0}
--- !u!1001 &4560483985688815463
PrefabInstance:
  m_ObjectHideFlags: 0
  serializedVersion: 2
  m_Modification:
    m_TransformParent: {fileID: 4560483986084600022}
    m_Modifications:
    - target: {fileID: 612002235284335650, guid: 64bde1538d5c6c849a058199869fde83,
        type: 3}
      propertyPath: m_RootOrder
      value: 4
      objectReference: {fileID: 0}
    - target: {fileID: 612002235284335650, guid: 64bde1538d5c6c849a058199869fde83,
        type: 3}
      propertyPath: m_LocalPosition.x
      value: 9.93229
      objectReference: {fileID: 0}
    - target: {fileID: 612002235284335650, guid: 64bde1538d5c6c849a058199869fde83,
        type: 3}
      propertyPath: m_LocalPosition.y
      value: 11
      objectReference: {fileID: 0}
    - target: {fileID: 612002235284335650, guid: 64bde1538d5c6c849a058199869fde83,
        type: 3}
      propertyPath: m_LocalPosition.z
      value: -4.9779205
      objectReference: {fileID: 0}
    - target: {fileID: 612002235284335650, guid: 64bde1538d5c6c849a058199869fde83,
        type: 3}
      propertyPath: m_LocalRotation.w
      value: 1
      objectReference: {fileID: 0}
    - target: {fileID: 612002235284335650, guid: 64bde1538d5c6c849a058199869fde83,
        type: 3}
      propertyPath: m_LocalRotation.x
      value: -0
      objectReference: {fileID: 0}
    - target: {fileID: 612002235284335650, guid: 64bde1538d5c6c849a058199869fde83,
        type: 3}
      propertyPath: m_LocalRotation.y
      value: -0
      objectReference: {fileID: 0}
    - target: {fileID: 612002235284335650, guid: 64bde1538d5c6c849a058199869fde83,
        type: 3}
      propertyPath: m_LocalRotation.z
      value: -0
      objectReference: {fileID: 0}
    - target: {fileID: 612002235284335650, guid: 64bde1538d5c6c849a058199869fde83,
        type: 3}
      propertyPath: m_LocalEulerAnglesHint.x
      value: 0
      objectReference: {fileID: 0}
    - target: {fileID: 612002235284335650, guid: 64bde1538d5c6c849a058199869fde83,
        type: 3}
      propertyPath: m_LocalEulerAnglesHint.y
      value: 0
      objectReference: {fileID: 0}
    - target: {fileID: 612002235284335650, guid: 64bde1538d5c6c849a058199869fde83,
        type: 3}
      propertyPath: m_LocalEulerAnglesHint.z
      value: 0
      objectReference: {fileID: 0}
    - target: {fileID: 4415981527336130233, guid: 64bde1538d5c6c849a058199869fde83,
        type: 3}
      propertyPath: m_Name
      value: Window (3)
      objectReference: {fileID: 0}
    m_RemovedComponents: []
  m_SourcePrefab: {fileID: 100100000, guid: 64bde1538d5c6c849a058199869fde83, type: 3}
--- !u!4 &3977906417570466629 stripped
Transform:
  m_CorrespondingSourceObject: {fileID: 612002235284335650, guid: 64bde1538d5c6c849a058199869fde83,
    type: 3}
  m_PrefabInstance: {fileID: 4560483985688815463}
  m_PrefabAsset: {fileID: 0}
--- !u!1001 &4560483985850350465
PrefabInstance:
  m_ObjectHideFlags: 0
  serializedVersion: 2
  m_Modification:
    m_TransformParent: {fileID: 4560483986084600022}
    m_Modifications:
    - target: {fileID: 5619736224678674255, guid: deb488ced35ab6f4eafe3e9c9ef12527,
        type: 3}
      propertyPath: m_Name
      value: door
      objectReference: {fileID: 0}
    - target: {fileID: 8704230291885868500, guid: deb488ced35ab6f4eafe3e9c9ef12527,
        type: 3}
      propertyPath: m_RootOrder
      value: 0
      objectReference: {fileID: 0}
    - target: {fileID: 8704230291885868500, guid: deb488ced35ab6f4eafe3e9c9ef12527,
        type: 3}
      propertyPath: m_LocalPosition.x
      value: -5.46771
      objectReference: {fileID: 0}
    - target: {fileID: 8704230291885868500, guid: deb488ced35ab6f4eafe3e9c9ef12527,
        type: 3}
      propertyPath: m_LocalPosition.y
      value: 3.50597
      objectReference: {fileID: 0}
    - target: {fileID: 8704230291885868500, guid: deb488ced35ab6f4eafe3e9c9ef12527,
        type: 3}
      propertyPath: m_LocalPosition.z
      value: -1.4611931
      objectReference: {fileID: 0}
    - target: {fileID: 8704230291885868500, guid: deb488ced35ab6f4eafe3e9c9ef12527,
        type: 3}
      propertyPath: m_LocalRotation.w
      value: 1
      objectReference: {fileID: 0}
    - target: {fileID: 8704230291885868500, guid: deb488ced35ab6f4eafe3e9c9ef12527,
        type: 3}
      propertyPath: m_LocalRotation.x
      value: -0
      objectReference: {fileID: 0}
    - target: {fileID: 8704230291885868500, guid: deb488ced35ab6f4eafe3e9c9ef12527,
        type: 3}
      propertyPath: m_LocalRotation.y
      value: -0
      objectReference: {fileID: 0}
    - target: {fileID: 8704230291885868500, guid: deb488ced35ab6f4eafe3e9c9ef12527,
        type: 3}
      propertyPath: m_LocalRotation.z
      value: -0
      objectReference: {fileID: 0}
    - target: {fileID: 8704230291885868500, guid: deb488ced35ab6f4eafe3e9c9ef12527,
        type: 3}
      propertyPath: m_LocalEulerAnglesHint.x
      value: 0
      objectReference: {fileID: 0}
    - target: {fileID: 8704230291885868500, guid: deb488ced35ab6f4eafe3e9c9ef12527,
        type: 3}
      propertyPath: m_LocalEulerAnglesHint.y
      value: 0
      objectReference: {fileID: 0}
    - target: {fileID: 8704230291885868500, guid: deb488ced35ab6f4eafe3e9c9ef12527,
        type: 3}
      propertyPath: m_LocalEulerAnglesHint.z
      value: 0
      objectReference: {fileID: 0}
    m_RemovedComponents: []
  m_SourcePrefab: {fileID: 100100000, guid: deb488ced35ab6f4eafe3e9c9ef12527, type: 3}
--- !u!4 &5152605403434647125 stripped
Transform:
  m_CorrespondingSourceObject: {fileID: 8704230291885868500, guid: deb488ced35ab6f4eafe3e9c9ef12527,
    type: 3}
  m_PrefabInstance: {fileID: 4560483985850350465}
  m_PrefabAsset: {fileID: 0}
--- !u!1001 &4560483986257376354
PrefabInstance:
  m_ObjectHideFlags: 0
  serializedVersion: 2
  m_Modification:
    m_TransformParent: {fileID: 4560483986084600022}
    m_Modifications:
    - target: {fileID: 612002235284335650, guid: 64bde1538d5c6c849a058199869fde83,
        type: 3}
      propertyPath: m_RootOrder
      value: 6
      objectReference: {fileID: 0}
    - target: {fileID: 612002235284335650, guid: 64bde1538d5c6c849a058199869fde83,
        type: 3}
      propertyPath: m_LocalPosition.x
      value: -5.6
      objectReference: {fileID: 0}
    - target: {fileID: 612002235284335650, guid: 64bde1538d5c6c849a058199869fde83,
        type: 3}
      propertyPath: m_LocalPosition.y
      value: 19.8
      objectReference: {fileID: 0}
    - target: {fileID: 612002235284335650, guid: 64bde1538d5c6c849a058199869fde83,
        type: 3}
      propertyPath: m_LocalPosition.z
      value: -4.9779205
      objectReference: {fileID: 0}
    - target: {fileID: 612002235284335650, guid: 64bde1538d5c6c849a058199869fde83,
        type: 3}
      propertyPath: m_LocalRotation.w
      value: 1
      objectReference: {fileID: 0}
    - target: {fileID: 612002235284335650, guid: 64bde1538d5c6c849a058199869fde83,
        type: 3}
      propertyPath: m_LocalRotation.x
      value: -0
      objectReference: {fileID: 0}
    - target: {fileID: 612002235284335650, guid: 64bde1538d5c6c849a058199869fde83,
        type: 3}
      propertyPath: m_LocalRotation.y
      value: -0
      objectReference: {fileID: 0}
    - target: {fileID: 612002235284335650, guid: 64bde1538d5c6c849a058199869fde83,
        type: 3}
      propertyPath: m_LocalRotation.z
      value: -0
      objectReference: {fileID: 0}
    - target: {fileID: 612002235284335650, guid: 64bde1538d5c6c849a058199869fde83,
        type: 3}
      propertyPath: m_LocalEulerAnglesHint.x
      value: 0
      objectReference: {fileID: 0}
    - target: {fileID: 612002235284335650, guid: 64bde1538d5c6c849a058199869fde83,
        type: 3}
      propertyPath: m_LocalEulerAnglesHint.y
      value: 0
      objectReference: {fileID: 0}
    - target: {fileID: 612002235284335650, guid: 64bde1538d5c6c849a058199869fde83,
        type: 3}
      propertyPath: m_LocalEulerAnglesHint.z
      value: 0
      objectReference: {fileID: 0}
    - target: {fileID: 4415981527336130233, guid: 64bde1538d5c6c849a058199869fde83,
        type: 3}
      propertyPath: m_Name
      value: Window (6)
      objectReference: {fileID: 0}
    m_RemovedComponents: []
  m_SourcePrefab: {fileID: 100100000, guid: 64bde1538d5c6c849a058199869fde83, type: 3}
--- !u!4 &3977906418214000704 stripped
Transform:
  m_CorrespondingSourceObject: {fileID: 612002235284335650, guid: 64bde1538d5c6c849a058199869fde83,
    type: 3}
  m_PrefabInstance: {fileID: 4560483986257376354}
  m_PrefabAsset: {fileID: 0}
--- !u!1001 &4560483986439060476
PrefabInstance:
  m_ObjectHideFlags: 0
  serializedVersion: 2
  m_Modification:
    m_TransformParent: {fileID: 4560483986084600022}
    m_Modifications:
    - target: {fileID: 612002235284335650, guid: 64bde1538d5c6c849a058199869fde83,
        type: 3}
      propertyPath: m_RootOrder
      value: 3
      objectReference: {fileID: 0}
    - target: {fileID: 612002235284335650, guid: 64bde1538d5c6c849a058199869fde83,
        type: 3}
      propertyPath: m_LocalPosition.x
      value: 9.93229
      objectReference: {fileID: 0}
    - target: {fileID: 612002235284335650, guid: 64bde1538d5c6c849a058199869fde83,
        type: 3}
      propertyPath: m_LocalPosition.y
      value: 19.8
      objectReference: {fileID: 0}
    - target: {fileID: 612002235284335650, guid: 64bde1538d5c6c849a058199869fde83,
        type: 3}
      propertyPath: m_LocalPosition.z
      value: 2.3999996
      objectReference: {fileID: 0}
    - target: {fileID: 612002235284335650, guid: 64bde1538d5c6c849a058199869fde83,
        type: 3}
      propertyPath: m_LocalRotation.w
      value: 1
      objectReference: {fileID: 0}
    - target: {fileID: 612002235284335650, guid: 64bde1538d5c6c849a058199869fde83,
        type: 3}
      propertyPath: m_LocalRotation.x
      value: -0
      objectReference: {fileID: 0}
    - target: {fileID: 612002235284335650, guid: 64bde1538d5c6c849a058199869fde83,
        type: 3}
      propertyPath: m_LocalRotation.y
      value: -0
      objectReference: {fileID: 0}
    - target: {fileID: 612002235284335650, guid: 64bde1538d5c6c849a058199869fde83,
        type: 3}
      propertyPath: m_LocalRotation.z
      value: -0
      objectReference: {fileID: 0}
    - target: {fileID: 612002235284335650, guid: 64bde1538d5c6c849a058199869fde83,
        type: 3}
      propertyPath: m_LocalEulerAnglesHint.x
      value: 0
      objectReference: {fileID: 0}
    - target: {fileID: 612002235284335650, guid: 64bde1538d5c6c849a058199869fde83,
        type: 3}
      propertyPath: m_LocalEulerAnglesHint.y
      value: 0
      objectReference: {fileID: 0}
    - target: {fileID: 612002235284335650, guid: 64bde1538d5c6c849a058199869fde83,
        type: 3}
      propertyPath: m_LocalEulerAnglesHint.z
      value: 0
      objectReference: {fileID: 0}
    - target: {fileID: 4415981527336130233, guid: 64bde1538d5c6c849a058199869fde83,
        type: 3}
      propertyPath: m_Name
      value: Window (1)
      objectReference: {fileID: 0}
    m_RemovedComponents: []
  m_SourcePrefab: {fileID: 100100000, guid: 64bde1538d5c6c849a058199869fde83, type: 3}
--- !u!4 &3977906418028156894 stripped
Transform:
  m_CorrespondingSourceObject: {fileID: 612002235284335650, guid: 64bde1538d5c6c849a058199869fde83,
    type: 3}
  m_PrefabInstance: {fileID: 4560483986439060476}
  m_PrefabAsset: {fileID: 0}
